<record><leader>00000cas a2200000 a 4500</leader><controlfield tag="001">40946253</controlfield><controlfield tag="008">990311d197u1977miuwr n       0    0eng c</controlfield><datafield ind1=" " ind2=" " tag="010"><subfield code="a">sn 99065019 </subfield></datafield><datafield ind1=" " ind2=" " tag="040"><subfield code="a">MHN</subfield><subfield code="b">eng</subfield><subfield code="c">MHN</subfield><subfield code="d">OCL</subfield><subfield code="d">OCLCQ</subfield><subfield code="d">OCLCF</subfield><subfield code="d">OCLCO</subfield></datafield><datafield ind1=" " ind2=" " tag="042"><subfield code="a">pcc</subfield></datafield><datafield ind1=" " ind2=" " tag="043"><subfield code="a">n-us-mi</subfield></datafield><datafield ind1="0" ind2="4" tag="245"><subfield code="a">The weekly grab bag.</subfield></datafield><datafield ind1="3" ind2=" " tag="246"><subfield code="a">Weekly grabbag</subfield></datafield><datafield ind1=" " ind2=" " tag="260"><subfield code="a">[Midland, Mich.] :</subfield><subfield code="b">Wendell H. Marshall</subfield></datafield><datafield ind1=" " ind2=" " tag="300"><subfield code="a">v.</subfield></datafield><datafield ind1=" " ind2=" " tag="310"><subfield code="a">Weekly</subfield></datafield><datafield ind1="0" ind2=" " tag="362"><subfield code="a">-v. 5, no. 24 (Sept. 16, 1977) ; Sept. 23, 1977-Dec. 9, 1977.</subfield></datafield><datafield ind1=" " ind2=" " tag="515"><subfield code="a">Numbering irregular.</subfield></datafield><datafield ind1=" " ind2=" " tag="588"><subfield code="a">Description based on: Vol. 1, no. 33 (Dec. 22, 1972).</subfield></datafield><datafield ind1=" " ind2="0" tag="651"><subfield code="a">Midland (Mich.)</subfield><subfield code="v">Newspapers.</subfield></datafield><datafield ind1=" " ind2="0" tag="651"><subfield code="a">Midland County (Mich.)</subfield><subfield code="v">Newspapers.</subfield></datafield><datafield ind1=" " ind2="7" tag="655"><subfield code="a">Newspapers.</subfield><subfield code="2">fast</subfield><subfield code="0">(OCoLC)fst01423814</subfield></datafield><datafield ind1=" " ind2="7" tag="651"><subfield code="a">Michigan</subfield><subfield code="z">Midland.</subfield><subfield code="2">fast</subfield><subfield code="0">(OCoLC)fst01206011</subfield></datafield><datafield ind1=" " ind2="7" tag="651"><subfield code="a">Michigan</subfield><subfield code="z">Midland County.</subfield><subfield code="2">fast</subfield><subfield code="0">(OCoLC)fst01209305</subfield></datafield><datafield ind1=" " ind2=" " tag="752"><subfield code="a">United States</subfield><subfield code="b">Michigan</subfield><subfield code="c">Midland</subfield><subfield code="d">Midland.</subfield></datafield><datafield ind1="0" ind2="0" tag="785"><subfield code="t">Midland County grabbag</subfield><subfield code="w">(DLC)sn 99065021</subfield><subfield code="w">(OCoLC)40948906</subfield></datafield></record>